@article{libtensor,
        title={New implementation of high-level correlated methods using a general block tensor library for high-performance electronic structure calculations},
        author={Epifanovsky, Evgeny and Wormit, Michael and Ku{\'s}, Tomasz and Landau, Arie and Zuev, Dmitry and Khistyaev, Kirill and Manohar, Prashant and Kaliman, Ilya and Dreuw, Andreas and Krylov, Anna I},
        journal={Journal of Computational Chemistry},
        volume={34},
        number={26},
        pages={2293--2309},
        year={2013},
        publisher={Wiley Online Library}
}
@article{adcman,
        title={Investigating excited electronic states using the algebraic diagrammatic construction (ADC) approach of the polarisation propagator},
        author={Wormit, Michael and Rehn, Dirk R and Harbach, Philipp HP and Wenzel, Jan and Krauter, Caroline M and Epifanovsky, Evgeny and Dreuw, Andreas},
        journal={Molecular Physics},
        volume={112},
        number={5-6},
        pages={774--784},
        year={2014},
        publisher={Taylor \& Francis}
}
@article{qchem,
        title={Advances in molecular quantum chemistry contained in the Q-Chem 4 program package},
        author={Shao, Yihan and Gan, Zhengting and Epifanovsky, Evgeny and Gilbert, Andrew TB and Wormit, Michael and Kussmann, Joerg and Lange, Adrian W and Behn, Andrew and Deng, Jia and Feng, Xintian and others},
        journal={Molecular Physics},
        volume={113},
        number={2},
        pages={184--215},
        year={2015},
        publisher={Taylor \& Francis}
}
@article{armadillo,
        title={Armadillo: a template-based C++ library for linear algebra},
        author={Sanderson, Conrad and Curtin, Ryan},
        journal={Journal of Open Source Software},
        year={2016},
        publisher={Journal of Open Source Software}
}
@thesis{bloomfield,
        title={Jovian Moller-Plesset Perturbation Theory: A low-scaling and massively parallelizable approach},
        author = {Bloomfield, Nathaniel John},
        institution = {Australian National University},
        year={2016},
        type ={{B.Sc. Thesis}}
}
@article{adcover,
        title={The algebraic diagrammatic construction scheme for the polarization propagator for the calculation of excited states},
        author={Dreuw, Andreas and Wormit, Michael},
        journal={Wiley Interdisciplinary Reviews: Computational Molecular Science},
        volume={5},
        number={1},
        pages={82--95},
        year={2015},
        publisher={Wiley Online Library}
}
@article{schirmer,
        title={Beyond the random-phase approximation: A new approximation scheme for the polarization propagator},
        author={Schirmer, Jochen},
        journal={Physical Review A},
        volume={26},
        number={5},
        pages={2395},
        year={1982},
        publisher={APS}
}
@article{mp2scale1,
        title={A low-scaling method for second order M{\o}ller--Plesset calculations},
        author={Saeb{\o}, Svein and Pulay, Peter},
        journal={The Journal of Chemical Physics},
        volume={115},
        number={9},
        pages={3975--3983},
        year={2001},
        publisher={AIP}
}
@article{mp2scale2,
        title={Fast linear scaling second-order M{\o}ller-Plesset perturbation theory (MP2) using local and density fitting approximations},
        author={Werner, Hans-Joachim and Manby, Frederick R and Knowles, Peter J},
        journal={The Journal of Chemical Physics},
        volume={118},
        number={18},
        pages={8149--8160},
        year={2003},
        publisher={AIP}
}
@article{mp2scale3,
        title={Parallel computation of the Moller--Plesset second-order contribution to the electronic correlation energy},
        author={Watts, John D and Dupuis, Michel},
        journal={Journal of Computational Chemistry},
        volume={9},
        number={2},
        pages={158--170},
        year={1988},
        publisher={Wiley Online Library}
}
@article{hiratagpu,
        title={Monte Carlo MP2 on Many Graphical Processing Units},
        author={Doran, Alexander E and Hirata, So},
        journal={Journal of Chemical Theory and Computation},
        volume={12},
        number={10},
        pages={4821--4832},
        year={2016},
        publisher={ACS Publications}
}
@article{cpu,
        title={The free lunch is over: A fundamental turn toward concurrency in software},
        author={Sutter, Herb},
        journal={Dr. Dobb’s journal},
        volume={30},
        number={3},
        pages={202--210},
        year={2005}
}

@article{schrodinger1926quantisierung,
        title={Quantisierung als eigenwertproblem},
        author={Schr{\"o}dinger, Erwin},
        journal={Annalen der Physik},
        volume={385},
        number={13},
        pages={437--490},
        year={1926},
        publisher={Wiley Online Library}
}
@book{floudas2013optimization,
        title={Optimization in computational chemistry and molecular biology: local and global approaches},
        author={Floudas, Christodoulos A and Pardalos, Panos M},
        volume={40},
        year={2013},
        publisher={Springer Science \& Business Media}
}
@article{eurenius1996enzyme,
        title={Enzyme mechanisms with hybrid quantum and molecular mechanical potentials. I. Theoretical considerations},
        author={Eurenius, Kirsten P and Chatfield, David C and Brooks, Bernard R and Hodoscek, Milan},
        journal={International Journal of Quantum Chemistry},
        volume={60},
        number={6},
        pages={1189--1200},
        year={1996},
        publisher={Wiley Online Library}
}
@inproceedings{hartree1928wave,
        title={The wave mechanics of an atom with a non-Coulomb central field. Part I. Theory and methods},
        author={Hartree, Douglas R},
        booktitle={Mathematical Proceedings of the Cambridge Philosophical Society},
        volume={24},
        number={1},
        pages={89--110},
        year={1928},
        organization={Cambridge University Press}
}
@article{fock1930naherungsmethode,
        title={N{\"a}herungsmethode zur L{\"o}sung des quantenmechanischen Mehrk{\"o}rperproblems},
        author={Fock, Vladimir},
        journal={Zeitschrift f{\"u}r Physik},
        volume={61},
        number={1-2},
        pages={126--148},
        year={1930},
        publisher={Springer}
}
@book{szabo,
        title={Modern quantum chemistry: introduction to advanced electronic structure theory},
        author={Szabo, Attila and Ostlund, Neil S},
        year={2012},
        publisher={Courier Corporation}
}
@article{cremer2011moller,
        title={M{\o}ller--Plesset perturbation theory: from small molecule methods to methods for thousands of atoms},
        author={Cremer, Dieter},
        journal={Wiley Interdisciplinary Reviews: Computational Molecular Science},
        volume={1},
        number={4},
        pages={509--530},
        year={2011},
        publisher={Wiley Online Library}
}
@article{moller1934note,
        title={Note on an approximation treatment for many-electron systems},
        author={M{\o}ller, Chr and Plesset, Milton S},
        journal={Physical Review},
        volume={46},
        number={7},
        pages={618},
        year={1934},
        publisher={APS}
}
@article{gill1986deceptive,
        title={Deceptive convergence in m{\o}ller-plesset perturbation energies},
        author={Gill, Peter MW and Radom, Leo},
        journal={Chemical Physics Letters},
        volume={132},
        number={1},
        pages={16--22},
        year={1986},
        publisher={Elsevier}
}
@article{christiansen1996inherent,
        title={On the inherent divergence in the M{\o}ller-Plesset series. The neon atom—A test case},
        author={Christiansen, Ove and Olsen, Jeppe and J{\o}rgensen, Poul and Koch, Henrik and Malmqvist, Per-{\AA}ke},
        journal={Chemical Physics Letters},
        volume={261},
        number={3},
        pages={369--378},
        year={1996},
        publisher={Elsevier}
}
@article{feyereisen1993use,
        title={Use of approximate integrals in ab initio theory. An application in MP2 energy calculations},
        author={Feyereisen, Martin and Fitzgerald, George and Komornicki, Andrew},
        journal={Chemical Physics Letters},
        volume={208},
        number={5-6},
        pages={359--363},
        year={1993},
        publisher={Elsevier}
}
@article{beebe1977simplifications,
        title={Simplifications in the generation and transformation of two-electron integrals in molecular calculations},
        author={Beebe, Nelson HF and Linderberg, Jan},
        journal={International Journal of Quantum Chemistry},
        volume={12},
        number={4},
        pages={683--705},
        year={1977},
        publisher={Wiley Online Library}
}
@article{werner2003fast,
        title={Fast linear scaling second-order M{\o}ller-Plesset perturbation theory (MP2) using local and density fitting approximations},
        author={Werner, Hans-Joachim and Manby, Frederick R and Knowles, Peter J},
        journal={The Journal of Chemical Physics},
        volume={118},
        number={18},
        pages={8149--8160},
        year={2003},
        publisher={AIP}
}
@article{haser1992laplace,
        title={Laplace transform techniques in Mo/ller--Plesset perturbation theory},
        author={H{\"a}ser, Marco and Alml{\"o}f, Jan},
        journal={The Journal of Chemical Physics},
        volume={96},
        number={1},
        pages={489--494},
        year={1992},
        publisher={AIP}
}
@article{haser1993moller,
        title={M{\o}ller-Plesset (MP2) perturbation theory for large molecules},
        author={H{\"a}ser, Marco},
        journal={Theoretica Chimica Acta},
        volume={87},
        number={1-2},
        pages={147--173},
        year={1993},
        publisher={Springer}
}
@article{ayala1999linear,
        title={Linear scaling second-order Moller--Plesset theory in the atomic orbital basis for large molecular systems},
        author={Ayala, Philippe Y and Scuseria, Gustavo E},
        journal={The Journal of Chemical Physics},
        volume={110},
        number={8},
        pages={3660--3671},
        year={1999},
        publisher={AIP}
}
@article{willow2012stochastic,
        title={Stochastic evaluation of second-order many-body perturbation energies},
        author={Willow, Soohaeng Yoo and Kim, Kwang S and Hirata, So},
        journal={The Journal of Chemical Physics},
        volume={137},
        number={20},
        pages={204122},
        year={2012},
        publisher={AIP}
}
@article{hastings1970monte,
        title={Monte Carlo sampling methods using Markov chains and their applications},
        author={Hastings, W Keith},
        journal={Biometrika},
        volume={57},
        number={1},
        pages={97--109},
        year={1970},
        publisher={Biometrika Trust}
}
@article{metropolis1953equation,
        title={Equation of state calculations by fast computing machines},
        author={Metropolis, Nicholas and Rosenbluth, Arianna W and Rosenbluth, Marshall N and Teller, Augusta H and Teller, Edward},
        journal={The Journal of Chemical Physics},
        volume={21},
        number={6},
        pages={1087--1092},
        year={1953},
        publisher={AIP}
}
@article{doran2016monte,
        title={Monte Carlo MP2 on Many Graphical Processing Units},
        author={Doran, Alexander E and Hirata, So},
        journal={Journal of Chemical Theory and Computation},
        volume={12},
        number={10},
        pages={4821--4832},
        year={2016},
        publisher={ACS Publications}
}
@book{cramer2013essentials,
        title={Essentials of computational chemistry: theories and models},
        author={Cramer, Christopher J},
        year={2013},
        publisher={John Wiley \& Sons}
}
@article{born1927quantentheorie,
        title={Zur quantentheorie der molekeln},
        author={Born, Max and Oppenheimer, Robert},
        journal={Annalen der Physik},
        volume={389},
        number={20},
        pages={457--484},
        year={1927},
        publisher={Wiley Online Library}
}
@article{krishnan1980self,
        title={Self-consistent molecular orbital methods. XX. A basis set for correlated wave functions},
        author={Krishnan, RBJS and Binkley, J Stephen and Seeger, Rolf and Pople, John A},
        journal={The Journal of Chemical Physics},
        volume={72},
        number={1},
        pages={650--654},
        year={1980},
        publisher={AIP}
}
@article{dunning1989gaussian,
        title={Gaussian basis sets for use in correlated molecular calculations. I. The atoms boron through neon and hydrogen},
        author={Dunning Jr, Thom H},
        journal={The Journal of Chemical Physics},
        volume={90},
        number={2},
        pages={1007--1023},
        year={1989},
        publisher={AIP}
}
@article{ahlrich,
        title={Fully optimized contracted Gaussian basis sets for atoms Li to Kr},
        author={Sch{\"a}fer, Ansgar and Horn, Hans and Ahlrichs, Reinhart},
        journal={The Journal of Chemical Physics},
        volume={97},
        number={4},
        pages={2571--2577},
        year={1992},
        publisher={AIP}
}
@article{ccsd,
        title={A full coupled-cluster singles and doubles model: The inclusion of disconnected triples},
        author={Purvis III, George D and Bartlett, Rodney J},
        journal={The Journal of Chemical Physics},
        volume={76},
        number={4},
        pages={1910--1918},
        year={1982},
        publisher={AIP}
}
@article{numeric,
        title={Einf{\"u}hrung in die numerische mathematik (numerik 0)},
        author={Rannacher, Rolf},
        journal={Vorlesungsskriptum SS 2005},
        year={2006}
}
@article{beckegrid,
        title={A multicenter numerical integration scheme for polyatomic molecules},
        author={Becke, Axel D},
        journal={The Journal of Chemical Physics},
        volume={88},
        number={4},
        pages={2547--2553},
        year={1988},
        publisher={AIP}
}
@article{lebedevfrombecke,
        title={Values of the nodes and weights of quadrature formulas of Gauss--Markov type for a sphere from the ninth to seventeenth order of accuracy that are invariant with respect to an octahedron group with inversion},
        author={Lebedev, Vyacheslav Ivanovich},
        journal={Zhurnal Vychislitel'noi Matematiki i Matematicheskoi Fiziki},
        volume={15},
        number={1},
        pages={48--54},
        year={1975},
        publisher={Russian Academy of Sciences, Branch of Mathematical Sciences}
}
@article{statisticscript,
        title={Einf{\"u}hrung in die Wahrscheinlichkeitstheorie und die Statistik},
        author={Oelschl{\"a}ger, Karl},
        year={2016}
}
